<record><leader>00000cas a22000007a 4500</leader><controlfield tag="001">67548730</controlfield><controlfield tag="008">060424d187618uutnuwr ne      0    0eng d</controlfield><datafield ind1=" " ind2=" " tag="010"><subfield code="a">sn2006062302</subfield></datafield><datafield ind1=" " ind2=" " tag="040"><subfield code="a">TGN</subfield><subfield code="b">eng</subfield><subfield code="c">TGN</subfield><subfield code="d">OCLCQ</subfield><subfield code="d">OCLCA</subfield><subfield code="d">OCLCF</subfield></datafield><datafield ind1="1" ind2=" " tag="029"><subfield code="a">AU@</subfield><subfield code="b">000040192145</subfield></datafield><datafield ind1=" " ind2=" " tag="042"><subfield code="a">msc</subfield></datafield><datafield ind1=" " ind2=" " tag="043"><subfield code="a">n-us-tn</subfield></datafield><datafield ind1="0" ind2=" " tag="130"><subfield code="a">Baptist reflector (Nashville, Tenn.)</subfield></datafield><datafield ind1="1" ind2="4" tag="245"><subfield code="a">The Baptist reflector.</subfield></datafield><datafield ind1=" " ind2=" " tag="260"><subfield code="a">Nashville, Tenn. :</subfield><subfield code="b">J.B. Chevis</subfield></datafield><datafield ind1=" " ind2=" " tag="300"><subfield code="a">v.</subfield></datafield><datafield ind1=" " ind2=" " tag="310"><subfield code="a">Weekly</subfield></datafield><datafield ind1="1" ind2=" " tag="362"><subfield code="a">Began in 1876.</subfield></datafield><datafield ind1=" " ind2=" " tag="588"><subfield code="a">Description based on: Vol. 4, no. 45 (Oct. 9, 1879).</subfield></datafield><datafield ind1=" " ind2="0" tag="650"><subfield code="a">Baptists</subfield><subfield code="v">Newspapers.</subfield></datafield><datafield ind1=" " ind2="0" tag="651"><subfield code="a">Nashville (Tenn.)</subfield><subfield code="v">Newspapers.</subfield></datafield><datafield ind1=" " ind2="7" tag="655"><subfield code="a">Newspapers.</subfield><subfield code="2">fast</subfield><subfield code="0">(OCoLC)fst01423814</subfield></datafield><datafield ind1=" " ind2="7" tag="650"><subfield code="a">Baptists.</subfield><subfield code="2">fast</subfield><subfield code="0">(OCoLC)fst00827285</subfield></datafield><datafield ind1=" " ind2="7" tag="651"><subfield code="a">Tennessee</subfield><subfield code="z">Nashville.</subfield><subfield code="2">fast</subfield><subfield code="0">(OCoLC)fst01204195</subfield></datafield><datafield ind1=" " ind2=" " tag="752"><subfield code="a">United States</subfield><subfield code="b">Tennessee</subfield><subfield code="c">Davidson</subfield><subfield code="d">Nashville.</subfield></datafield></record>